
Literature Research
@misc{hl7,
 author = {Health Level Seven International},
 title = {{About Health Level Seven International - HL7}},
 year = 2010,
 howpublished = "\url{http://www.hl7.org/about/index.cfm?ref=nav}",
 note = "[Online; accessed 27 Aug. 2016]"
}

@misc{fhir,
 author = {FHIR},
 title = {{FHIR Specification Home Page - FHIR v0.0.82 - HL7}},
 year = 2013,
 howpublished = "\url{https://www.hl7.org/fhir/2015May/index.html}",
 note = "[Online; accessed 27 Aug. 2016]"
}

@misc{fhir-wiki,
author = {{Health Level Seven International}},
title = {{FHIR - HL7 Wiki}},
year = 2011,
howpublished = "\url{http://wiki.hl7.org/index.php?title=FHIR}",
note = "[Online; accessed 27 Jul. 2016]"
}
@misc{smart,
author = {{SMART Health IT}},
title = {{SMART Health IT}},
howpublished = "\url{http://smarthealthit.org}",
note = "[Online; accessed 27 Aug. 2016]"
}

@Misc{amts,
title = "{A}{M}{T}{S} {M}edikationsplan",
note = {\url{http://www.amts-system.com/medikationsplan.html}}
}

@misc{mytherapy,
author =   {SMARTPatient GmbH},
title =    {{M}y{T}herapy - {M}edikamente im {G}riff. {V}italwerte im {B}lick.},
note={\url{https://itunes.apple.com/at/app/mytherapy-medikamente-im-griff/id662170995?mt=8}}
}


@Misc{medisafe,
author =   {"MediSafe Inc."},
title =    {{M}edisafe {M}edication {R}eminder and {P}ill Organizer},
note={\url{https://itunes.apple.com/il/app/medisafe-medication-reminder/id573916946?mt=8}}
}

@Misc{cocoapods,
title = "{C}ocoa{P}ods",
howpublished = "\url{https://cocoapods.org}",
note = "[Online; accessed 27 Aug. 2016]"
}

@Misc{swift-package-manager,
title = {{S}wift {P}ackage {M}anager},
howpublished="\url{https://github.com/apple/swift-package-manager}",
note = "[Online; accessed 27 Aug. 2016]"
}

@Misc{swift-smart,
title = {{S}wift-{S}{M}{A}{R}{T}},
note={\url{https://github.com/smart-on-fhir/Swift-SMART}}
}

@Misc{res-patient,
author = {FHIR},
title = "FHIR-Resource: Patient",
howpublished = "\url{https://www.hl7.org/fhir/patient.html}}",
note = "[Online; accessed 4 Sep. 2016]"
}

@Misc{res-medication,
author = {FHIR},
title = "FHIR-Resource: Medication",
howpublished = "\url{https://www.hl7.org/fhir/medication.html}}",
note = "[Online; accessed 4 Sep. 2016]"
}

@Misc{res-medicationorder,
author = {FHIR},
title = "FHIR-Resource: MedicationOrder",
howpublished = "\url{https://www.hl7.org/fhir/medicationorder.html}}",
note = "[Online; accessed 4 Sep. 2016]"
}

@Misc{res-timig,
author = {FHIR},
title = "FHIR-Resource: Timing",
howpublished = "\url{https://www.hl7.org/fhir/datatypes.html#timing}}",
note = "[Online; accessed 4 Sep. 2016]"
}

@Misc{res-medicationadministration,
author = {FHIR},
title = "FHIR-Resource: MedicationAdministration",
howpublished = "\url{https://www.hl7.org/fhir/medicationadministration.html}}",
note = "[Online; accessed 4 Sep. 2016]"
}

@Misc{research-kit,
title = "{R}esearch {K}it",
howpublished = "\url{http://researchkit.org}",
note = "[Online; accessed 27 Aug. 2016]"
}
